<?xml version="1.0" encoding="UTF-8"?><collection xmlns="http://www.loc.gov/MARC21/slim"><record><leader>00396nam--2200133-i-4500</leader><controlfield tag="001">000016541</controlfield><controlfield tag="002">20161230</controlfield><controlfield tag="005">20161230201031</controlfield><controlfield tag="008">060222s1000------------r-----000-0-eng-d</controlfield><datafield ind1=" " ind2=" " tag="080"><subfield code="a">681.3.06</subfield></datafield><datafield ind1=" " ind2=" " tag="100"><subfield code="a">Adams, Jeanne C., Brainers, Walter S.And Goldberg, Charles H</subfield></datafield><datafield ind1=" " ind2=" " tag="245"><subfield code="a">Programmer s guide to fortran 90. third edition</subfield></datafield><datafield ind1=" " ind2=" " tag="260"><subfield code="a">New York, Springer-verlag, 1996 Xi + 445 P</subfield></datafield><datafield ind1=" " ind2=" " tag="852"><subfield code="a">80582</subfield></datafield></record></collection>